@book{stefanowitsch2020corpus,
	title={Corpus linguistics: A guide to the methodology},
	author={Stefanowitsch, A.},
	isbn={9783961102242},
	series={Textbooks in Language Sciences },
	url={https://books.google.de/books?id=3ZHeDwAAQBAJ},
	year={2020},
	publisher={Language Science Press}
}

@inbook{BaroniEvert,
	url = {https://doi.org/10.1515/9783110213881.2.777},
	title = {36. Statistical methods for corpus exploitation},
	booktitle = {Volume 2},
	author = {Marco Baroni and Stefan Evert},
	editor = {Anke Lüdeling and Merja Kytö},
	publisher = {De Gruyter Mouton},
	address = {Berlin, New York},
	pages = {777--803},
	doi = {doi:10.1515/9783110213881.2.777},
	isbn = {9783110213881},
	year = {2009},
	lastchecked = {2024-07-09}
}

@article{Evert,
	url = {https://doi.org/10.1515/zaa-2006-0208},
	title = {How Random is a Corpus? The Library Metaphor},
	author = {Stefan Evert},
	pages = {177--190},
	volume = {54},
	number = {2},
	journal = {Zeitschrift für Anglistik und Amerikanistik},
	doi = {doi:10.1515/zaa-2006-0208},
	year = {2006},
	lastchecked = {2024-07-09}
}